@inproceedings{DBLP:conf/sat/TompkinsH04,
  author    = {Dave A. D. Tompkins and
               Holger H. Hoos},
  title     = {{UBCSAT:} An Implementation and Experimentation Environment for {SLS}
               Algorithms for {SAT} {\&} {MAX-SAT}},
  booktitle = {{SAT} 2004 - The Seventh International Conference on Theory and Applications
               of Satisfiability Testing, 10-13 May 2004, Vancouver, BC, Canada,
               Online Proceedings},
  year      = {2004},
  crossref  = {DBLP:conf/sat/2004},
  url       = {http://www.satisfiability.org/SAT04/programme/23.pdf},
  timestamp = {Mon, 06 Jun 2005 13:58:12 +0200},
  biburl    = {http://dblp.uni-trier.de/rec/bib/conf/sat/TompkinsH04},
  bibsource = {dblp computer science bibliography, http://dblp.org}
}
@proceedings{DBLP:conf/sat/2004,
  title     = {{SAT} 2004 - The Seventh International Conference on Theory and Applications
               of Satisfiability Testing, 10-13 May 2004, Vancouver, BC, Canada,
               Online Proceedings},
  year      = {2004},
  timestamp = {Mon, 06 Jun 2005 13:58:12 +0200},
  biburl    = {http://dblp.uni-trier.de/rec/bib/conf/sat/2004},
  bibsource = {dblp computer science bibliography, http://dblp.org}
}

@INPROCEEDINGS{Mcaloon97sportsleague,
    author = {Ken Mcaloon and Carol Tretkoff and Gerhard Wetzel},
    title = {Sports League Scheduling},
    booktitle = {In Proceedings of the 3th Ilog International Users Meeting},
    year = {1997}
}

@inproceedings{DBLP:conf/aaai/BejarM00,
  author    = {Ram{\'{o}}n B{\'{e}}jar and
               Felip Many{\`{a}}},
  title     = {Solving the Round Robin Problem Using Propositional Logic},
  booktitle = {Proceedings of the Seventeenth National Conference on Artificial Intelligence
               and Twelfth Conference on on Innovative Applications of Artificial
               Intelligence, July 30 - August 3, 2000, Austin, Texas, {USA.}},
  pages     = {262--266},
  year      = {2000},
  crossref  = {DBLP:conf/aaai/2000},
  url       = {http://www.aaai.org/Library/AAAI/2000/aaai00-040.php},
  timestamp = {Tue, 11 Dec 2012 12:57:22 +0100},
  biburl    = {http://dblp.uni-trier.de/rec/bib/conf/aaai/BejarM00},
  bibsource = {dblp computer science bibliography, http://dblp.org}
}
@proceedings{DBLP:conf/aaai/2000,
  editor    = {Henry A. Kautz and
               Bruce W. Porter},
  title     = {Proceedings of the Seventeenth National Conference on Artificial Intelligence
               and Twelfth Conference on on Innovative Applications of Artificial
               Intelligence, July 30 - August 3, 2000, Austin, Texas, {USA}},
  publisher = {{AAAI} Press / The {MIT} Press},
  year      = {2000},
  url       = {http://www.aaai.org/Conferences/AAAI/aaai00.php},
  isbn      = {0-262-51112-6},
  timestamp = {Thu, 01 Dec 2011 17:16:20 +0100},
  biburl    = {http://dblp.uni-trier.de/rec/bib/conf/aaai/2000},
  bibsource = {dblp computer science bibliography, http://dblp.org}
}